@article{ionescu-2006-snp,
   title      = {Spiking Neural P Systems},
   author     = {Mihai Ionescu     and 
                 Gheorghe P\u{a}un and 
                 Takashi Yokomori},
   year       = {2006},
   journal    = {Fundamenta Informaticae},
   issue_date = {August 2006},
   volume     = {71},
   number     = {2,3},
   month      = {February},
   issn       = {0169-2968},
   pages      = {279--308},
   numpages   = {30},
   acmid      = {1227513},
   publisher  = {IOS Press},
   address    = {Amsterdam, The Netherlands, The Netherlands},
   //url      = {http://dl.acm.org/citation.cfm?id=1227505.1227513},
}

@article{chen-2008-snp-e,
   title      = {Spiking Neural P systems with Extended rules: Universality and Languages},
   author     = {Haiming Chen         and 
                 Mihai Ionescu        and
                 Tseren-Onolt Ishdorj and 
                 Andrei P{\u{a}}un    and 
                 Gheorghe P{\u{a}}un  and 
                 Mario J. P{\'e}rez-Jim{\'e}nez},
   year       = {2008},
   journal    = {Natural Computing},
   month      = {June},
   day        = {01},
   volume     = {7},
   number     = {2},
   pages      = {147-166},
   issn       = {1572-9796},
   doi        = {10.1007/s11047-006-9024-6},
}